<?xml version="1.0" encoding="UTF-8"?><collection xmlns="http://www.loc.gov/MARC21/slim"><record><leader>00559nam--2200181-i-4500</leader><controlfield tag="001">000030784</controlfield><controlfield tag="002">20161230</controlfield><controlfield tag="005">20161230201038</controlfield><controlfield tag="008">060222s1000------------r-----000-0-ger-d</controlfield><datafield ind1=" " ind2=" " tag="040"><subfield code="a">IFIN-HH</subfield></datafield><datafield ind1=" " ind2=" " tag="041"><subfield code="a">ger</subfield></datafield><datafield ind1=" " ind2=" " tag="080"><subfield code="a">539.124.143</subfield></datafield><datafield ind1="1" ind2=" " tag="100"><subfield code="a">Lind, Gerhard</subfield></datafield><datafield ind1="1" ind2="0" tag="245"><subfield code="a">Elektronen-spin-resonanz untersuchungen zur radikal-bildung durch photo-elektronenubertragung in elektronen-donator-akzeptor system</subfield><subfield code="b">Dissertation</subfield><subfield code="c">Gerhard lind</subfield></datafield><datafield ind1=" " ind2=" " tag="260"><subfield code="a">Wurzburg</subfield><subfield code="b">Universitat</subfield><subfield code="c">1968</subfield></datafield><datafield ind1=" " ind2=" " tag="300"><subfield code="a">85P</subfield></datafield><datafield ind1=" " ind2=" " tag="852"><subfield code="a">30652</subfield><subfield code="c">539.12</subfield></datafield><datafield ind1=" " ind2=" " tag="CAT"><subfield code="a">Sys</subfield><subfield code="c">20111117</subfield><subfield code="h">162335</subfield></datafield></record></collection>